% This file was created with JabRef 2.10.
% Encoding: UTF-8


@Book{anselin1988,
  Title                    = {Spatial Econometrics: Methods and Models},
  Author                   = {Anselin, Luc},
  Publisher                = {Springer Netherlands},
  Year                     = {2013},
  Series                   = {Studies in Operational Regional Science},

  ISBN                     = {9789401577991},
  Lccn                     = {88016971},
  Url                      = {https://books.google.com/books?id=G47tCAAAQBAJ}
}

@Article{auffhammer2011,
  Title                    = {Clearing the air? The effects of gasoline content regulation on air quality},
  Author                   = {Auffhammer, Maximilian and Kellogg, Ryan},
  Journal                  = {The American Economic Review},
  Year                     = {2011},
  Pages                    = {2687--2722},

  Publisher                = {JSTOR},
  Url                      = {http://www.jstor.org/stable/23045655}
}

@Article{carpenter2015,
  Title                    = {Stan: a probabilistic programming language},
  Author                   = {Carpenter, Bob and Gelman, Andrew and Hoffman, Matt and Lee, Daniel and Goodrich, Ben and Betancourt, Michael and Brubaker, Marcus A and Guo, Jiqiang and Li, Peter and Riddell, Allen},
  Journal                  = {Journal of Statistical Software},
  Year                     = {2015}
}

@Article{colford2005,
  Title                    = {Recreational Water Contact and Illness in Mission Bay, California},
  Author                   = {Colford Jr, John M and Wade, Timothy J and Schiff, Kenneth C and Wright, Catherine and Griffith, John F and Sandhu, Sukhminder K and Weisberg, Stephen B},
  Journal                  = {Westminster, CA: Southern California Coastal Water Research Project},
  Year                     = {2005}
}

@Article{colford2007,
  Title                    = {Water quality indicators and the risk of illness at beaches with nonpoint sources of fecal contamination},
  Author                   = {Colford Jr, John M and Wade, Timothy J and Schiff, Kenneth C and Wright, Catherine C and Griffith, John F and Sandhu, Sukhminder K and Burns, Susan and Sobsey, Mark and Lovelace, Greg and Weisberg, Stephen B},
  Journal                  = {Epidemiology},
  Year                     = {2007},
  Number                   = {1},
  Pages                    = {27--35},
  Volume                   = {18},

  Publisher                = {LWW}
}

@Article{css,
  Title                    = {U.S. Wastewater Treatment Factsheet},
  Author                   = {{CSS, The Center for Sustainable Systems}},
  Journal                  = {University of Michigan},
  Year                     = {2015},

  Owner                    = {mj},
  Timestamp                = {2016.08.07}
}

@Article{dominici2014,
  Title                    = {Particulate matter matters},
  Author                   = {Dominici, Francesca and Greenstone, Michael and Sunstein, Cass R},
  Journal                  = {Science (New York, NY)},
  Year                     = {2014},
  Number                   = {6181},
  Pages                    = {257},
  Volume                   = {344},

  Publisher                = {NIH Public Access},
  Url                      = {http://www.michaelgreenstone.com/wp-content/uploads/2015/02/Science-2014-Dominici-257-9.pdf}
}

@Article{epa,
  Title                    = {2012 Recreational Water Quality Criteria},
  Author                   = {{EPA, The Environmental Protection Agency}},
  Year                     = {2012},
  Note                     = {\url{https://www.epa.gov/sites/production/files/2015-10/documents/rec-factsheet-2012.pdf} Accessed: 8/29/2016},

  Owner                    = {mj},
  Timestamp                = {2016.07.28}
}

@Article{fowlie2012,
  Title                    = {What do emissions markets deliver and to whom? Evidence from Southern California's NO X trading program},
  Author                   = {Fowlie, Meredith and Holland, Stephen P and Mansur, Erin T},
  Journal                  = {The American Economic Review},
  Year                     = {2012},
  Pages                    = {965--993},

  Publisher                = {JSTOR},
  Url                      = {http://www.jstor.org/stable/23245441}
}

@Article{greenstone2014,
  Title                    = {Environmental Regulations, Air and Water Pollution, and Infant Mortality in India},
  Author                   = {Greenstone, Michael and Hanna, Rema},
  Journal                  = {American Economic Review},
  Year                     = {2014},
  Number                   = {10},
  Pages                    = {3038--72},
  Volume                   = {104}
}

@Article{greenstone2015,
  Title                    = {Envirodevonomics: A Research Agenda for an Emerging Field},
  Author                   = {Greenstone, Michael and Jack, B Kelsey},
  Journal                  = {Journal of Economic Literature},
  Year                     = {2015},
  Number                   = {1},
  Pages                    = {5--42},
  Volume                   = {53}
}

@Article{homan2014,
  Title                    = {The No-U-Turn sampler: Adaptively setting path lengths in Hamiltonian Monte Carlo},
  Author                   = {Homan, Matthew D and Gelman, Andrew},
  Journal                  = {The Journal of Machine Learning Research},
  Year                     = {2014},
  Number                   = {1},
  Pages                    = {1593--1623},
  Volume                   = {15},

  Publisher                = {JMLR. org}
}

@InProceedings{kaur2012,
  Title                    = {Wastewater production, treatment and use in India},
  Author                   = {Kaur, R and Wani, SP and Singh, AK and Lal, K},
  Booktitle                = {National Report presented at the 2nd regional workshop on Safe Use of Wastewater in Agriculture},
  Year                     = {2012}
}

@Article{khaleej2013,
  Title                    = {Record 120 million take dip as Maha Kumbh fest ends},
  Author                   = {{Khaleej Times}},
  Year                     = {2013},

  Month                    = {March},
  Note                     = {\url{http://www.khaleejtimes.com/article/20130311/ARTICLE/303119878/1028} Accessed: 8/29/2016},

  Owner                    = {mj},
  Timestamp                = {2016.08.07}
}

@Article{lee1997,
  Title                    = {Bacteriophages are a better indicator of illness rates than bacteria amongst users of a white water course fed by a lowland river},
  Author                   = {Lee, JV and Dawson, SR and Ward, S and Surman, SB and Neal, KR},
  Journal                  = {Water Science and Technology},
  Year                     = {1997},
  Number                   = {11-12},
  Pages                    = {165--170},
  Volume                   = {35},

  Publisher                = {IWA Publishing}
}

@Book{lesage2009,
  Title                    = {Introduction to Spatial Econometrics},
  Author                   = {LeSage, J. and Pace, R.K.},
  Publisher                = {CRC Press},
  Year                     = {2009},
  Series                   = {Statistics: A Series of Textbooks and Monographs},

  ISBN                     = {9781420064254}
}

@Article{lipscomb2015,
  Title                    = {Decentralization and Water Pollution Spillovers: Evidence from the Re-drawing of County Boundaries in Brazil},
  Author                   = {Lipscomb, Molly and Mobarak, Ahmed Mushfiq},
  Journal                  = {Forthcoming, Review of Economic Studies},
  Year                     = {2015}
}

@TechReport{cpcb2008,
  Title                    = {Evaluation of Operation and Maintenance of Sewage Treatment Plants in India, 2007 },
  Author                   = {Mauskar, J. M. },
  Institution              = {Ministry of Environment and Forests},
  Year                     = {2008},

  Address                  = {Delhi, India}
}

@Article{miguel2004,
  Title                    = {Worms: identifying impacts on education and health in the presence of treatment externalities},
  Author                   = {Miguel, Edward and Kremer, Michael},
  Journal                  = {Econometrica},
  Year                     = {2004},
  Number                   = {1},
  Pages                    = {159--217},
  Volume                   = {72},

  Publisher                = {Wiley Online Library}
}

@Article{neal2011,
  Title                    = {MCMC using Hamiltonian dynamics},
  Author                   = {Neal, Radford M and others},
  Journal                  = {Handbook of Markov Chain Monte Carlo},
  Year                     = {2011},
  Pages                    = {113--162},
  Volume                   = {2}
}

@Article{pace1997quick,
  Title                    = {Quick computation of spatial autoregressive estimators},
  Author                   = {Pace, R Kelley and Barry, Ronald},
  Journal                  = {Geographical analysis},
  Year                     = {1997},
  Number                   = {3},
  Pages                    = {232--247},
  Volume                   = {29},

  Publisher                = {Wiley Online Library}
}

@Article{dailymail2014,
  Title                    = {The great Ganga clean-up disaster},
  Author                   = {Maneesh Pandey},
  Year                     = {2014},

  Month                    = {June},

  Journaltitle             = {The Daily Mail},
  Owner                    = {mj},
  Timestamp                = {2016.03.04}
}

@TechReport{moef2005,
  Title                    = {Performance Status of Common Effluent Treatment Plants in India},
  Author                   = {Rajagopalan, Dr. V. },
  Institution              = {Ministry of Environment and Forests},
  Year                     = {2005},

  Address                  = {Delhi, India}
}

@Article{times2013,
  Author                   = {Binay Singh},
  Year                     = {2013},

  Month                    = {August},

  Journaltitle             = {Times of India},
  Owner                    = {mj},
  Timestamp                = {2016.03.04}
}

@Article{hindu,
  Title                    = {Ganga Action Plan bears no fruit},
  Author                   = {{The Hindu}},
  Year                     = {2004},

  Month                    = {August}
}

@TechReport{nrcd2013,
  Title                    = {Performance Evaluation of Sewage Treatment Plants Under NRCD},
  Author                   = {Tyagi, Ajay},
  Institution              = {Central Pollution Control Board, Ministry of Environment and Forests},
  Year                     = {2013},

  Address                  = {Delhi, India}
}

@Article{wade2010,
  Title                    = {Rapidly measured indicators of recreational water quality and swimming-associated illness at marine beaches: a prospective cohort study},
  Author                   = {Wade, Timothy J and Sams, Elizabeth and Brenner, Kristen P and Haugland, Richard and Chern, Eunice and Beach, Michael and Wymer, Larry and Rankin, Clifford C and Love, David and Li, Quanlin and others},
  Journal                  = {Environmental Health},
  Year                     = {2010},
  Number                   = {1},
  Pages                    = {1},
  Volume                   = {9},

  Publisher                = {BioMed Central}
}

@Article{wiedenmann2006,
  Title                    = {A randomized controlled trial assessing infectious disease risks from bathing in fresh recreational waters in relation to the concentration of Escherichia coli, intestinal enterococci, Clostridium perfringens, and somatic coliphages},
  Author                   = {Wiedenmann, Albrecht and Kr{\"u}ger, Petra and Dietz, Klaus and L{\'o}pez-Pila, Juan M and Szewzyk, Regine and Botzenhart, Konrad},
  Journal                  = {Environmental health perspectives},
  Year                     = {2006},
  Pages                    = {228--236},

  Publisher                = {JSTOR}
}

@Article{indiatoday,
  Title                    = {If we do not change the National River Conservation Plan, the money will continue to get wasted},
  Author                   = {Yadav, Shyamlal},
  Journal                  = {India Today},
  Year                     = {2009},

  Month                    = {December},
  Note                     = {\url{http://indiatoday.intoday.in/story/'If+we+do+not+change+the+National+River+Conservation+Plan,+the+money+will+continue+to+get+wasted'/1/76482.html} Accessed: 8/19/2016},

  HowPublished             = {http://indiatoday.intoday.in/story/'If+we+do+not+change+the+National+River+Conservation+Plan,+the+money+will+continue+to+get+wasted'/1/76482.html},
  Owner                    = {mj},
  Timestamp                = {2016.08.15}
}

@Article{indiatoday2009,
  Author                   = {Shyamlal Yadav},
  Year                     = {2009},

  Month                    = {December},

  Journaltitle             = {India Today},
  Owner                    = {mj},
  Timestamp                = {2016.03.04}
}
